<record><leader>00000cas a2200000 i 4500</leader><controlfield tag="001">14297126</controlfield><controlfield tag="008">861002c19839999waumr ne      0    0eng c</controlfield><datafield ind1=" " ind2=" " tag="010"><subfield code="a">sn 87093391 </subfield></datafield><datafield ind1=" " ind2=" " tag="040"><subfield code="a">WAU</subfield><subfield code="b">eng</subfield><subfield code="e">rda</subfield><subfield code="c">WAU</subfield><subfield code="d">SLZ</subfield><subfield code="d">OCL</subfield><subfield code="d">OCLCQ</subfield><subfield code="d">WAU</subfield><subfield code="d">OCLCQ</subfield><subfield code="d">OCLCF</subfield><subfield code="d">OCLCO</subfield><subfield code="d">WAU</subfield></datafield><datafield ind1=" " ind2=" " tag="042"><subfield code="a">pcc</subfield></datafield><datafield ind1=" " ind2=" " tag="043"><subfield code="a">n-us-wa</subfield></datafield><datafield ind1="1" ind2="4" tag="050"><subfield code="a">F899.S4</subfield><subfield code="b">M32</subfield></datafield><datafield ind1="0" ind2="0" tag="245"><subfield code="a">Madison Park times.</subfield></datafield><datafield ind1=" " ind2="1" tag="264"><subfield code="3">1983- :</subfield><subfield code="a">Seattle, Wash. :</subfield><subfield code="b">J. Lustig</subfield></datafield><datafield ind1="3" ind2="1" tag="264"><subfield code="3">&lt;2015-&gt; :</subfield><subfield code="a">Seattle, WA :</subfield><subfield code="b">Pacific Publishing Co.</subfield></datafield><datafield ind1=" " ind2=" " tag="300"><subfield code="a">volumes :</subfield><subfield code="b">illustrations ;</subfield><subfield code="c">44 cm</subfield></datafield><datafield ind1=" " ind2=" " tag="310"><subfield code="a">Monthly,</subfield><subfield code="b">May 1983-</subfield></datafield><datafield ind1=" " ind2=" " tag="321"><subfield code="a">Bimonthly,</subfield><subfield code="b">March/April 1983-April/May 1983</subfield></datafield><datafield ind1=" " ind2=" " tag="336"><subfield code="a">text</subfield><subfield code="b">txt</subfield><subfield code="2">rdacontent</subfield></datafield><datafield ind1=" " ind2=" " tag="336"><subfield code="a">still image</subfield><subfield code="b">sti</subfield><subfield code="2">rdacontent</subfield></datafield><datafield ind1=" " ind2=" " tag="337"><subfield code="a">unmediated</subfield><subfield code="b">n</subfield><subfield code="2">rdamedia</subfield></datafield><datafield ind1=" " ind2=" " tag="338"><subfield code="a">volume</subfield><subfield code="b">nc</subfield><subfield code="2">rdacarrier</subfield></datafield><datafield ind1="1" ind2=" " tag="362"><subfield code="a">Began in 1983.</subfield></datafield><datafield ind1=" " ind2=" " tag="588"><subfield code="a">Description based on: March/April 1983; title from caption.</subfield></datafield><datafield ind1=" " ind2=" " tag="588"><subfield code="a">Latest issue consulted: November 2015.</subfield></datafield><datafield ind1=" " ind2="0" tag="651"><subfield code="a">Madison Park (Seattle, Wash.)</subfield><subfield code="v">Newspapers.</subfield></datafield><datafield ind1=" " ind2="0" tag="651"><subfield code="a">Seattle (Wash.)</subfield><subfield code="v">Newspapers.</subfield></datafield><datafield ind1=" " ind2="7" tag="651"><subfield code="a">Washington (State)</subfield><subfield code="z">Seattle.</subfield><subfield code="2">fast</subfield><subfield code="0">(OCoLC)fst01204940</subfield></datafield><datafield ind1=" " ind2="7" tag="651"><subfield code="a">Washington (State)</subfield><subfield code="z">Seattle</subfield><subfield code="z">Madison Park.</subfield><subfield code="2">fast</subfield><subfield code="0">(OCoLC)fst01325164</subfield></datafield><datafield ind1=" " ind2="7" tag="655"><subfield code="a">Community newspapers</subfield><subfield code="z">Washington (State)</subfield><subfield code="z">Seattle.</subfield><subfield code="2">ngl</subfield></datafield><datafield ind1=" " ind2="7" tag="655"><subfield code="a">Newspapers.</subfield><subfield code="2">fast</subfield><subfield code="0">(OCoLC)fst01423814</subfield></datafield><datafield ind1=" " ind2=" " tag="752"><subfield code="a">United States</subfield><subfield code="b">Washington</subfield><subfield code="c">King</subfield><subfield code="d">Seattle.</subfield></datafield><datafield ind1="0" ind2=" " tag="770"><subfield code="t">Seattle annual manual</subfield><subfield code="w">(DLC)  2016252766</subfield><subfield code="w">(OCoLC)945737552</subfield></datafield><datafield ind1="1" ind2=" " tag="776"><subfield code="c">Microfilm</subfield><subfield code="d">University of Washington Libraries</subfield><subfield code="w">(DLC)  2007252378</subfield><subfield code="w">(OCoLC)122900683</subfield></datafield><datafield ind1="1" ind2=" " tag="029"><subfield code="a">AU@</subfield><subfield code="b">000025787473</subfield></datafield></record>